@book {tree:set_not,
  title = "Discrete Mathematics:Proofs, Structures and Applications, Third Edition",
  author = "Garnier, Rowan and Taylor, John",
  year = "2009",
  publisher = "CRC Press",
  pages = "620",
  isbn = "978-1-4398-1280-8"
}