@online{code:coq_avl,
	title = {Library {C}oq.{MS}ets.{MS}et{AVL}},
	year = 2021,
	url = {https://coq.inria.fr/library/Coq.MSets.MSetAVL.html},
}

@online{isabelle,
	title = {Theory {AVL}\_{S}et\_{C}ode},
	year = 2021,
	author = {St√ºwe, Daniel and Nipkow, Tobias},
	url = {https://isabelle.in.tum.de/library/HOL/HOL-Data_Structures/AVL_Set_Code.html}
}

@article{inductive_families,
	author = {Dybjer, Peter},
	date-added = {2021-07-01 13:13:22 +0200},
	date-modified = {2021-07-01 13:16:36 +0200},
	journal = {Formal Aspects of Computing},
	month = {July},
	pages = {440-465},
	title = {Inductive Families},
	volume = {6},
	year = {1994}}

@inproceedings{avl:original,
	author = {Adelson-Velsky, Georgy and Landis, Evgenii},
	booktitle = {Soviet Mathematics - Doklady},
	pages = {1259-1263},
	title = {An algorithm for the organization of information},
	volume = {3},
	year = {1962}}

@inbook{textbook:bf,
	author = {Knuth, Donald},
	edition = {2},
	isbn = {0-201-89685-0},
	pages = {459},
	publisher = {Addison-Wesley},
	title = {The Art of Computer Programming},
	volume = {3},
	year = {2000}}

@inbook{textbook:discrete_computer,
	author = {O'Donnell, John and Hall, Cordelia and Page, Rex},
	chapter = {12},
	isbn = {1-84628-241-1},
	pages = {313-352},
	publisher = {Springer},
	title = {Discrete Mathematics with a Computer},
	year = {2006}}

@online{textbook:software_foundations,
	author = {Andrew W. Appel},
	title = {{S}oftware {F}oundations {V}olume 3: {V}erified {F}unctional {A}lgorithms},
	url = {https://softwarefoundations.cis.upenn.edu/vfa-current/toc.html},
	year = {2021},
	Bdsk-Url-1 = {https://softwarefoundations.cis.upenn.edu/vfa-current/toc.html}}

@manual{lean:manual,
	author = {Avigad, Jeremy and de Moura, Leonardo and Kong, Soonho},
	title = {Theorem {P}roving in {L}ean},
	version = {3.23.0}}

@manual{lean:reference,
	author = {Avigad, Jeremy and Ebner, Gabriel and Ullrich, Sebastian},
	title = {{T}he {L}ean {R}eference {M}anual},
	version = {3.3.0}}

@article{The_mathlib_Community_2020,
   title={The lean mathematical library},
   ISBN={9781450370974},
   url={http://dx.doi.org/10.1145/3372885.3373824},
   DOI={10.1145/3372885.3373824},
   journal={Proceedings of the 9th ACM SIGPLAN International Conference on Certified Programs and Proofs},
   publisher={ACM},
   author={The mathlib Community},
   year={2020},
   month={Jan}
}